
@misc{French-2019,
    author = {Richard French and Kristiina Iisa},
    title = {Personal discussions and email correspondence},
    organization = {NREL},
    month = {April},
    year = {2019}
}
